@misc{onu,
title = {Sobre o nosso trabalho para alcançar os Objetivos de Desenvolvimento Sustentável no Brasil},
author = {ONU},
url = {https://brasil.un.org/pt-br/sdgs},
}

@misc{Embrapa_01,
title ={Recomendações técnicas para a criação de búfalos em Rondônia},
author = {Embrapa, Ricardo Gomes de Araujo Pereira, Claudio Ramalho Townsend, Newton de Lucena Costa},
url = {https://ainfo.cnptia.embrapa.br/digital/bitstream/item/118893/1/CPAFRO-RECOMENDACOES-TECNICAS-18-.pdf}, 
year = {1999},
}

@misc{Senar,
title = {Manejo e Saúde na criação de búfalos},
url = {https://mundoagrobrasil.com.br/manejo-e-saude-na-criacao-de-bufalos/}, 
year = {2021},
}

@misc{Embrapa_02,
title = {O produtor pergunta, a Embrapa responde},
url = {https://www.infoteca.cnptia.embrapa.br/bitstream/doc/103213/1/500perguntasbufalos.pdf}, 
year = {2000},
}

@misc{Embrapa_03,
title = {Estruturação de Dados para Avaliação Genética de Bubalinos em RebanhosNúcleo do Pará: Resultados Preliminares},
author = {Embrapa, Cíntia Righetti Marcondes, José Ribamar Felipe Marques, Cláudio Vieira de Araújo, Raysildo Barbosa Lôbo, Pedro Alejandro Vozzi, Gerson Cota Mota, Camila Carvalho da Paz},
url = {https://www.infoteca.cnptia.embrapa.br/bitstream/doc/900474/1/DOC370.pdf}, 
year= {2011},
}

@misc{XSBIAGRO_01,
title = {O uso de inteligência artificial na identificação do comportamento bovino},
author={XSBIAGRO, Luiz Fernando Delboni Lomba, Leandro de Jesus, Hana Karina Salles Rubinsztejn, Luciano Gonda, Pedro Paulo Pires},
url ={http://www.eventos.uepg.br/sbiagro/2015/anais/SBIAgro2015/pdf_resumos/16/16_luiz_fernando_delboni_lomba_85.pdf},
year= {2015},
}

@misc{FABESP,
title = {MONITORAMENTO DE SENSORES DE UMIDADE DO SOLO COM INTERNET DAS COISAS (IOT) APLICADO NA AGRICULTURA DE PRECISÃO},
author ={FABESP, Bruno Guilherme Lima Dias, Fernando de Almeida Martins, Rogério Cassares Pires, Wânderson de Oliveira Assis, Alessandra Dutra Coelho},
url = {https://maua.br/files/122019/monitoramento-sensores-umidade-do-solo-com-internet-das-coisas-(iot)-aplicado-agricultura-precisao-261143.pdf},
year = {2008},
}


@misc{Correa.G,
title = {BÚFALOS NO BRASIL},
author = {Graciana Corrêa Romitto },
url = {https://www.fazendalaguna.com.br/bufalos-no-brasil/#:~:text=Os%20b%C3%BAfalos%20s%C3%A3o%20animais%20dom%C3%A9sticos,for%C3%A7a%20de%20trabalho%20no%20campo.},
}

@misc{Estatísticas_descritivas,
title = {Descrição do nível de produção dos rebanhos de búfalas leiteiras da região
Sul},
author = {Amanda Matheus Camargo Ferreira; Cintia Righetti Marcondes; Maria Cecília Florisbal Damé; Anelise Chagas Kerchner; Carolina da Silva dos Santos},
url ={https://www.alice.cnptia.embrapa.br/alice/bitstream/doc/946191/1/PROCI2012.00324.pdf},
year = {2012}
}

@misc{Righetti.C,
title = "Estruturação de Dados para
Avaliação Genética de Bubalinos em RebanhosNúcleo do Pará: Resultados Preliminares",
author={Embrapa, Cíntia Righetti Marcondes, José Ribamar Felipe Marques, Cláudio Vieira de Araújo, Raysildo Barbosa Lôbo, Pedro Alejandro Vozzi, Gerson Cota Mota, Camila Carvalho da Paz},
howpublished={Disponível em:\url{https://www.infoteca.cnptia.embrapa.br/bitstream/doc/900474/1/DOC370.pdf}."
}, year="2011"
}

@misc{Fernando.L,
title = "O uso de inteligência artificial na identificação do comportamento bovino",
author={XSBIAGRO, Luiz Fernando Delboni Lomba, Leandro de Jesus, Hana Karina Salles Rubinsztejn, Luciano Gonda, Pedro Paulo Pires},
howpublished={Disponível em:\url{http://www.eventos.uepg.br/sbiagro/2015/anais/SBIAgro2015/pdf_resumos/16/16_luiz_fernando_delboni_lomba_85.pdf}."
}, year="2015"
}

@misc{Ribamar.J,
title = "Melhoramento Genético em Bubalinos
",
author={Pesq. Dra. Cintia Righetti Marcondes, Pesq. Dr. José Ribamar F. Marques, Brena Roberta do Nascimento Cunha},
howpublished={Disponível em:\url{https://core.ac.uk/download/pdf/45503779.pdf}."
}, year="2008"
}

@Book{Bezerra.E,
  author = {Eduardo Bezerra},
  title = 	 {Principios de Análise e Projeto de Sistemas com UML},
  publisher = 	 {Campus/Elsevier},
  year = 	 {2007},
  edition = 	 {2th},
}

@misc{Rocha.M,
    author = {Milene Rocha de Sousa, João Vicente Cegato Bertomeu},
    title = {UX Design na Criação e Desenvolvimento de Aplicativos Digitais},
    year = {2015},
}

@misc{Boeg.J,
    author = {Jesper Boeg},
    title = {Kanban em 10 Passos},
    howpublished = {https://gianfratti.com/wp-content/uploads/2018/04/InfoQBrasil-Kanban10Passos.pdf},
}

@Comment{jabref-meta: databaseType:biblatex;}
